@InProceedings{GRE01,
  author =  {Matthew R. Guthaus and Jeffrey S. Ringenberg and Dan Ernst and Todd M. Austin and Trevor Mudge and Richard B. Brown},
  title = {{MiBench}: {A} free, commercially representative embedded benchmark suite},
  booktitle = {Proceedings of the {IEEE} 4th annual Workshop on Workload Characterization},
  year =  {2001},
}

@book{ISO:9899:1990,
  author = {{ISO}},
  title = {{ISO\slash IEC 9899:1990}: {Programming} languages --- {C}},
  publisher = {International Organization for Standardization},
  year = {1990},
}

@Book{ISO:9899:1999,
  author = {{ISO}},
  title = {{ISO\slash IEC 9899:1999}: Programming Languages --- {C}},
  publisher = {International Organization for Standardization},
  year = {1999},
}

@article{YL06,
 author = {Joshua J. Yi and David J. Lilja},
 title = {Simulation of Computer Architectures: Simulators, Benchmarks, Methodologies, and Recommendations},
 journal = {IEEE Transactions on Computers},
 volume = {55},
 number = {3},
 year = {2006},
 issn = {0018-9340},
 pages = {268--280},
 publisher = {IEEE},
}

@article{K81,
 author = {Paul Klint},
 title = {Interpretation Techniques},
 journal = {Software: Practice and Experience},
 volume = {11},
 number = {9},
 year = {1981},
 pages = {963 -- 973},
 publisher = {Wiley},
}

@article{B73,
 author = {James R. Bell},
 title = {Threaded Code},
 journal = {Commun. ACM},
 volume = {16},
 number = {6},
 year = {1973},
 issn = {0001-0782},
 pages = {370--372},
 doi = {http://doi.acm.org/10.1145/362248.362270},
 XXXpublisher = {ACM},
 XXXaddress = {New York, NY, USA},
}

@article{GASLA00,
 author = {Michael Gschwind and Erik R. Altman and Sumedh Sathaye and Paul Ledak and David Appenzeller},
 title = {Dynamic and Transparent Binary Translation},
 journal = {Computer},
 volume = {33},
 number = {3},
 year = {2000},
 issn = {0018-9162},
 pages = {54--59},
 doi = {http://dx.doi.org/10.1109/2.825696},
 publisher = {IEEE},
}

@article{SCKMR93,
 author = {Richard L. Sites and Anton Chernoff and Matthew B. Kirk and Maurice P. Marks and Scott G. Robinson},
 title = {Binary Translation},
 journal = {Communications of the ACM},
 volume = {36},
 number = {2},
 year = {1993},
 issn = {0001-0782},
 pages = {69--81},
 doi = {http://doi.acm.org/10.1145/151220.151227},
 publisher = {ACM},
}

@Article{MAF91,
 author = {Christopher Mills and Stanley C. Ahalt and Jim Fowler},
 title = {Compiled Instruction Set Simulation},
 journal = {Soft\-ware: Prac\-tice and Experience},
 volume = {21},
 number = {8},
 pages = {877--889},
 year = {1991},
 publisher = {Wiley},
}

@inproceedings{B09a,
 author = {Florian Brandner},
 title = {Precise simulation of interrupts using a rollback mechanism},
 booktitle = {SCOPES '09: Proceedings of the 12th International Workshop on Software and Compilers for Embedded Systems},
 year = {2009},
 isbn = {978-1-60558-696-0},
 pages = {71--80},
}

@INPROCEEDINGS{patmos:ppes2011,
  author = {Martin Schoeberl and Pascal Schleuniger and Wolfgang Puffitsch and
	Florian Brandner and Christian W. Probst and Sven Karlsson and Tommy
	Thorn},
  title = {Towards a Time-predictable Dual-Issue Microprocessor: The {Patmos}
	Approach},
  booktitle = {First Workshop on Bringing Theory to Practice: Predictability and
	Performance in Embedded Systems (PPES 2011)},
  year = {2011},
  pages = {11--20},
  address = {Grenoble, France},
  month = {March},
  owner = {martin},
  timestamp = {2010.12.06},
  url = {http://www.jopdesign.com/doc/patmos_ppes.pdf}
}

@InProceedings{LLVM:CGO04,
  author    = {Chris Lattner and Vikram Adve},
  title     = "{LLVM: A Compilation Framework for Lifelong Program Analysis \& Transformation}",
  booktitle = "{Proceedings of the 2004 International Symposium on Code Generation and Optimization (CGO'04)}",
  address   = {Palo Alto, California},
  month     = {Mar},
  year      = {2004}
}

@INPROCEEDINGS{compiler:if-conversion,
  author = {J. R. Allen and Ken Kennedy and Carrie Porterfield and Joe Warren},
  title = {Conversion of Control Dependence to Data Dependence},
  booktitle = {POPL '83: Proceedings of the 10th ACM SIGACT-SIGPLAN symposium on
	Principles of Programming Languages},
  year = {1983},
  pages = {177--189},
  publisher = {ACM},
  doi = {http://doi.acm.org/10.1145/567067.567085},
  isbn = {0-89791-090-7}
}

@INPROCEEDINGS{vliw:pred-eval,
  author = {Scott A. Mahlke and Richard E. Hank and James E. McCormick and David
	I. August and Wen-Mei W. Hwu},
  title = {A Comparison of Full and Partial Predicated Execution Support for
	{ILP} Processors},
  booktitle = {ISCA '95: Proceedings of the 22nd annual international symposium
	on Computer architecture},
  year = {1995},
  pages = {138--150},
  publisher = {ACM},
  isbn = {0-89791-698-0}
}

@INPROCEEDINGS{Puschner:WORDS2005,
  author = {Peter Puschner},
  title = {Experiments with {WCET}-Oriented Programming and the Single-Path
	Architecture},
  booktitle = {Proc. 10th IEEE International Workshop on Object-Oriented Real-Time
	Dependable Systems},
  year = {2005},
  month = {Feb.}
}

@INPROCEEDINGS{pusch03:rtprogr,
  author = {Peter Puschner},
  title = {Algorithms for Dependable Hard Real-Time Systems},
  booktitle = {Eighth IEEE International Workshop on Object-Oriented Real-Time Dependable
	Systems (WORDS'03)},
  year = {2003},
  volume = {00},
  pages = {26},
  address = {Los Alamitos, CA, USA},
  publisher = {IEEE Computer Society},
  doi = {http://doi.ieeecomputersociety.org/10.1109/WORDS.2003.1218062},
  issn = {1530-1443},
  journal = {words}
}

@INPROCEEDINGS{Puschner:ICIT2003,
  author = {Peter Puschner},
  title = {The Single-Path Approach Towards {WCET}-Analysable Software},
  booktitle = {Proc. IEEE International Conference on Industrial Technology},
  year = {2003},
  pages = {699-704},
  month = {Dec.},
  url = {http://www.vmars.tuwien.ac.at/php/pserver/extern/download.php?fileid=885}
}


@INPROCEEDINGS{tpca:cache,
  author = {Martin Schoeberl},
  title = {Time-predictable Cache Organization},
  booktitle = {Proceedings of the First International Workshop on Software Technologies
	for Future Dependable Distributed Systems (STFSSD 2009)},
  year = {2009},
  pages = {11--16},
  address = {Tokyo, Japan},
  month = {March},
  publisher = {IEEE Computer Society},
  doi = {10.1109/STFSSD.2009.10},
  url = {http://www.jopdesign.com/doc/tpcache.pdf}
}

@article{DBLP:journals/siamcomp/Tarjan72,
  author    = {Robert Endre Tarjan},
  title     = {Depth-First Search and Linear Graph Algorithms},
  journal   = {SIAM J. Comput.},
  volume    = {1},
  number    = {2},
  year      = {1972},
  pages     = {146-160},
  ee        = {http://dx.doi.org/10.1137/0201010},
  bibsource = {DBLP, http://dblp.uni-trier.de}
}


@article{DBLP:journals/toplas/Ramalingam02,
  author    = {G. Ramalingam},
  title     = {On loops, dominators, and dominance frontiers},
  journal   = {ACM Trans. Program. Lang. Syst.},
  volume    = {24},
  number    = {5},
  year      = {2002},
  pages     = {455-490},
  ee        = {http://doi.acm.org/10.1145/570886.570887},
  bibsource = {DBLP, http://dblp.uni-trier.de}
}

@book{FFY05,
  author = {Fisher, Joseph A. and Faraboschi, Paolo and Young Cliff},
  title = {Embedded Computing: A {VLIW} Approach to Architecture, Compilers and Tools},
  publisher = {Morgan Kaufmann (Elsevier)},
  year = {2005},
}


@ARTICLE{Kirner:RTS2010,
  author = {Raimund Kirner and Peter Puschner and Adrian Prantl},
  title = {Transforming Flow Information during Code Optimization for Timing
	Analysis},
  journal = {Real-Time Systems},
  year = {2010},
  volume = {45},
  pages = {72--105},
  number = {1--2},
  month = {June},
  doi = {http://dx.doi.org/10.1007/s11241-010-9091-8},
  publisher = {Springer},
  url = {http://costa.tuwien.ac.at/papers/rts10.pdf}
}
